@book{Knuth84,
  author    = "Knuth, Donald E.",
  title     = "The \TeX{}book",
  publisher = "Addison-Wesley",
  year      = "1984",
  isbn      = "9780201134483",
}

@manual{LaTeXSymbols,
  author  = "Pakin, Scott",
  title   = "The Comprehensive {LaTeX} Symbol List",
  year    = "2017",
  month   = jan,
  url     = "http://mirrors.ctan.org/info/symbols/comprehensive/symbols-a4.pdf",
}

@manual{xcolor,
  author  = "Kern, Uwe",
  title   = "xcolor: Driver-independent color extensions for \LaTeX{} and pdf\LaTeX{}",
  year    = "2016",
  month   = may,
  url     = "http://mirrors.ctan.org/macros/latex/contrib/xcolor/xcolor.pdf",
}

@manual{LaTeXEquations,
  author  = "Moser, Stefan M.",
  title   = "How to Typeset Equations in \LaTeX{}",
  year    = "2017",
  month   = sep,
  url     = "http://moser-isi.ethz.ch/docs/typeset_equations.pdf",
}

@manual{siunitx,
  author  = "Wright, Joseph",
  title   = "siunitx: A comprehensive (SI) units package",
  year    = "2017",
  month   = aug,
  url     = "http://mirrors.ctan.org/macros/latex/contrib/siunitx/siunitx.pdf",
}

@manual{LaTeXIntroduction,
  author  = "Oetiker, Tobias",
  title   = "The Not So Short Introduction to \LaTeX2e{}",
  year    = "2016",
  month   = jun,
  url     = "https://tobi.oetiker.ch/lshort/lshort.pdf",
}

@book{Mittelbach04,
  author    = "Mittelbach, Frank and Goossens, Michael and Braams, Johannes and Carlisle, David and Rowley, Chris",
  title     = "The \LaTeX{} Companion",
  isbn      = "9780133387643",
  series    = "Tools and Techniques for Computer Typesetting",
  year      = "2004",
  publisher = "Pearson Education",
}

@article{LaTeXFloatPlacement,
  author  = "Mittelbach, Frank",
  title   = "How to influence the position of float environments like figure and table in {\LaTeX{}}",
  year    = "2014",
  journal = "TUGboat",
  volume  = "35",
  number  = "3",
  pages   = "248--254",
  url     = "https://www.latex-project.org/publications/tb111mitt-float.pdf",
}

@book{Graetzer16,
  title     = "More Math Into \LaTeX{}",
  author    = "Gr{\"a}tzer, Georg",
  isbn      = "9783319237961",
  year      = "2016",
  publisher = "Springer International Publishing",
}

@book{Strunk12,
  title     = "Elements of Style",
  author    = "Strunk, William",
  isbn      = "9781625585004",
  year      = "2012",
  publisher = "Start Publishing LLC",
}

@book{ChicagoManualOfStyle,
  title     = "The Chicago Manual of Style",
  author    = "University of Chicago Press and University of Chicago Press Editorial Staff",
  isbn      = "9780226287058",
  year      = "2017",
  publisher = "University of Chicago Press",
}

@article{MP12,
  title     = "Writing for the Reader: A Problem-Solution Approach",
  author    = "Miller, Tom and Parker, Dee",
  year      = "2012",
  journal   = "English Teacher Forum",
  number    = "3",
  pages     = "21--27",
  url       = "http://files.eric.ed.gov/fulltext/EJ997525.pdf",
}

@book{Hoey83,
  title     = "On the Surface of Discourse",
  author    = "Hoey, Michael",
  year      = "1983",
  isbn      = "0-04-415002-4",
  publisher = "Allen and Unwin",
}

@book{Turabian13,
  title     = "A Manual for Writers of Research Papers, Theses, and Dissertations",
  author    = "Turabian, Kate L.",
  year      = "2013",
  isbn      = "978-0-226-81637-1",
  publisher = "University of Chicago Press",
}
