@manual{openmp,
  title   = "OpenMP: The OpenMP API specification for parallel programming",
  url     = "https://ww.openmp.org",
}
